@article{winters1998dgt,
  title={{The diversity gain of transmit diversity in wireless systems with Rayleigh fading}},
  author={Winters, JH},
  journal={IEEE Transactions on Vehicular Technology},
  volume={47},
  number={1},
  pages={119--123},
  year={1998}
}
@article{li2004stc,
  title={{Space-time coded multi-transmission among distributed transmitters without perfect synchronization}},
  author={Li, X.},
  journal={Signal Processing Letters, IEEE},
  volume={11},
  number={12},
  pages={948--951},
  year={2004}
}
@article{nguyen2007cms,
  title={{Cooperative MIMO schemes optimal selection for wireless sensor networks}},
  author = {Nguyen, T.D. and Berder, O. and Sentieys, O.},
  journal={ IEEE 65th Vehicular Technology Conference, VTC-Spring},
  pages={85--89},
  year={2007}
}
@article{jayaweera2004eam,
  title={{Energy Analysis of MIMO Techniques in Wireless Sensor Networks}},
  author={Jayaweera, S.K.},
  journal={38 th Annual Conf. on Inform. Sci. and Syst.(CISS 04), Princeton, NJ, Mar},
  year={2004}
}
