@article{ref:r1,
    author = "A. Frome and G. Cheung and A. Abdulkader and M. Zennaro and B. Wu and A. Bissacco and H. Adam and H. Neven and L. Vincent",
    title = {Large-scale privacy protection in google street view},
    journal = {Computer Vision, 2009 IEEE 12th International Conference},
    year = {2009},
    pages = {2373-2380},
}

@article{ref:r2,
    author = "P. Viola and M. Jones",
    title = {Rapid object detection using a boosted cascade of simple features},
    journal = {Computer Vision and Pattern Recognition, 2001 and CVPR 2001 and Proceedings of the 2001 IEEE Computer Society Conference},
    year = {2001},
    pages = {I-511},
}

@article{ref:r3,
    author = "M. Uřičář and V. Franc and V. Hlaváč",
    title = {Detector of facial landmarks learned by the structured output SVM,},
    journal = {VISAPP ’12: Proceedings of the 7th International Conference on Computer Vision Theory and Applications},
    year = {2001},
    pages = {I-511},
}
