@article{ref:r1,
    author = "A. Frome and G. Cheung and A. Abdulkader and M. Zennaro and B. Wu and A. Bissacco and H. Adam and H. Neven and L. Vincent",
    title = {Large-scale privacy protection in google street view},
    journal = {Computer Vision, 2009 IEEE 12th International Conference},
    year = {2009},
    pages = {2373â€“-2380},
}

@online {ref:thanos,
title = {Statistics},
author = {ITU 2014 All Rights Reserved},
titleaddon = {{ITU}},
year = {2014},
month = {Mar.},
urldate = {2014-03-05},
howpublished = {\url{http://www.itu.int/en/ITU-D/Statistics/Pages/stat/default.aspx#}}
}
